@article{AdamsS99,
author = {Adams, Anne and Sasse, Martina Angela},
title = {Users Are Not the Enemy},
journal = {Commun. ACM},
issue_date = {Dec. 1999},
volume = {42},
number = {12},
month = dec,
year = {1999},
issn = {0001-0782},
pages = {40--46},
numpages = {7},
url = {http://doi.acm.org/10.1145/322796.322806},
doi = {10.1145/322796.322806},
acmid = {322806},
publisher = {ACM},
address = {New York, NY, USA},
}

@inproceedings{CooijmansRP14,
author = {Cooijmans, Tim and de Ruiter, Joeri and Poll, Erik},
title = {Analysis of Secure Key Storage Solutions on Android},
booktitle = {Proceedings of the 4th ACM Workshop on Security and Privacy in Smartphones \&\#38; Mobile Devices},
series = {SPSM '14},
year = {2014},
isbn = {978-1-4503-3155-5},
location = {Scottsdale, Arizona, USA},
pages = {11--20},
numpages = {10},
url = {http://doi.acm.org/10.1145/2666620.2666627},
doi = {10.1145/2666620.2666627},
acmid = {2666627},
publisher = {ACM},
address = {New York, NY, USA},
} 

@article{SainiM14,
author    = {Smita Saini and
Deep Mann},
title     = {Identity Management issues in Cloud Computing},
journal   = {CoRR},
volume    = {abs/1406.1033},
year      = {2014},
url       = {http://arxiv.org/abs/1406.1033},
archivePrefix = {arXiv},
eprint    = {1406.1033},
timestamp = {Mon, 13 Aug 2018 16:48:08 +0200},
biburl    = {https://dblp.org/rec/bib/journals/corr/SainiM14},
bibsource = {dblp computer science bibliography, https://dblp.org}
}

@article{YanBAG04,
author    = {Jeff Jianxin Yan and
Alan F. Blackwell and
Ross J. Anderson and
Alasdair Grant},
title     = {Password Memorability and Security: Empirical Results},
journal   = {{IEEE} Security {\&} Privacy},
volume    = {2},
number    = {5},
pages     = {25--31},
year      = {2004},
url       = {https://doi.org/10.1109/MSP.2004.81},
doi       = {10.1109/MSP.2004.81},
timestamp = {Sat, 27 May 2017 14:24:40 +0200},
biburl    = {https://dblp.org/rec/bib/journals/ieeesp/YanBAG04},
bibsource = {dblp computer science bibliography, https://dblp.org}
}

@article{ElminaamKH10,
author    = {Diaa Salama Abd Elminaam and
Hatem Mohamed Abdual{-}Kader and
Mohiy Mohamed Hadhoud},
title     = {Evaluating The Performance of Symmetric Encryption Algorithms},
journal   = {I. J. Network Security},
volume    = {10},
number    = {3},
pages     = {216--222},
year      = {2010},
url       = {http://ijns.femto.com.tw/contents/ijns-v10-n3/ijns-2010-v10-n3-p216-222.pdf},
timestamp = {Fri, 14 Oct 2011 18:25:37 +0200},
biburl    = {https://dblp.org/rec/bib/journals/ijnsec/ElminaamKH10},
bibsource = {dblp computer science bibliography, https://dblp.org}
}

@inproceedings{LiuZYC12,
author    = {Lei Liu and
Xinwen Zhang and
Guanhua Yan and
Songqing Chen},
title     = {Chrome Extensions: Threat Analysis and Countermeasures},
booktitle = {19th Annual Network and Distributed System Security Symposium, {NDSS}
2012, San Diego, California, USA, February 5-8, 2012},
publisher = {The Internet Society},
year      = {2012},
url       = {https://www.ndss-symposium.org/ndss2012/chrome-extensions-threat-analysis-and-countermeasures},
timestamp = {Tue, 16 Jan 2018 13:23:48 +0100},
biburl    = {https://dblp.org/rec/bib/conf/ndss/LiuZYC12},
bibsource = {dblp computer science bibliography, https://dblp.org}
}

@article{GomezOP12,
author    = {Carles Gomez and
Joaquim Oller and
Josep Paradells},
title     = {Overview and Evaluation of Bluetooth Low Energy: An Emerging Low-Power
Wireless Technology},
journal   = {Sensors},
volume    = {12},
number    = {9},
pages     = {11734--11753},
year      = {2012},
url       = {https://doi.org/10.3390/s120911734},
doi       = {10.3390/s120911734},
timestamp = {Tue, 14 Aug 2018 11:55:58 +0200},
biburl    = {https://dblp.org/rec/bib/journals/sensors/GomezOP12},
bibsource = {dblp computer science bibliography, https://dblp.org}
}

@inproceedings{Ryan13,
author    = {Mike Ryan},
editor    = {Jon Oberheide and
William K. Robertson},
title     = {Bluetooth: With Low Energy Comes Low Security},
booktitle = {7th {USENIX} Workshop on Offensive Technologies, {WOOT} '13, Washington,
D.C., USA, August 13, 2013},
publisher = {{USENIX} Association},
year      = {2013},
url       = {https://www.usenix.org/conference/woot13/workshop-program/presentation/ryan},
timestamp = {Wed, 04 Jul 2018 13:06:34 +0200},
biburl    = {https://dblp.org/rec/bib/conf/woot/Ryan13},
bibsource = {dblp computer science bibliography, https://dblp.org}
}

@inproceedings{ShezanAI17,
author    = {Faysal Hossain Shezan and
Syeda Farzia Afroze and
Anindya Iqbal},
editor    = {Mohammad Zulkernine and
Mohammad Mahfuzul Islam},
title     = {Vulnerability detection in recent Android apps: An empirical study},
booktitle = {International Conference on Networking, Systems and Security, NSysS
2017, Dhaka, Bangladesh, January 5-8, 2017},
pages     = {55--63},
publisher = {{IEEE}},
year      = {2017},
url       = {https://doi.org/10.1109/NSysS.2017.7885802},
doi       = {10.1109/NSysS.2017.7885802},
timestamp = {Mon, 18 Sep 2017 14:44:10 +0200},
biburl    = {https://dblp.org/rec/bib/conf/nsyss/ShezanAI17},
bibsource = {dblp computer science bibliography, https://dblp.org}
}

@inproceedings{ZhangWJWL14,
author    = {Zhongwen Zhang and
Yuewu Wang and
Jiwu Jing and
Qiongxiao Wang and
Lingguang Lei},
editor    = {Willy Susilo and
Yi Mu},
title     = {Once Root Always a Threat: Analyzing the Security Threats of Android
Permission System},
booktitle = {Information Security and Privacy - 19th Australasian Conference, {ACISP}
2014, Wollongong, NSW, Australia, July 7-9, 2014. Proceedings},
series    = {Lecture Notes in Computer Science},
volume    = {8544},
pages     = {354--369},
publisher = {Springer},
year      = {2014},
url       = {https://doi.org/10.1007/978-3-319-08344-5\_23},
doi       = {10.1007/978-3-319-08344-5\_23},
timestamp = {Mon, 17 Sep 2018 09:57:31 +0200},
biburl    = {https://dblp.org/rec/bib/conf/acisp/ZhangWJWL14},
bibsource = {dblp computer science bibliography, https://dblp.org}
}

@inproceedings{VarshneyBS18,
author    = {Gaurav Varshney and
Sumant Bagade and
Shreya Sinha},
title     = {Malicious browser extensions: {A} growing threat: {A} case study on
Google Chrome: Ongoing work in progress},
booktitle = {2018 International Conference on Information Networking, {ICOIN} 2018,
Chiang Mai, Thailand, January 10-12, 2018},
pages     = {188--193},
publisher = {{IEEE}},
year      = {2018},
url       = {https://doi.org/10.1109/ICOIN.2018.8343108},
doi       = {10.1109/ICOIN.2018.8343108},
timestamp = {Fri, 11 May 2018 12:42:29 +0200},
biburl    = {https://dblp.org/rec/bib/conf/icoin/VarshneyBS18},
bibsource = {dblp computer science bibliography, https://dblp.org}
}

@inproceedings{DurmuthGKPYZ12,
author    = {Markus D{\"{u}}rmuth and
Tim G{\"{u}}neysu and
Markus Kasper and
Christof Paar and
Tolga Yal{\c{c}}in and
Ralf Zimmermann},
editor    = {Sara Foresti and
Moti Yung and
Fabio Martinelli},
title     = {Evaluation of Standardized Password-Based Key Derivation against Parallel
Processing Platforms},
booktitle = {Computer Security - {ESORICS} 2012 - 17th European Symposium on Research
in Computer Security, Pisa, Italy, September 10-12, 2012. Proceedings},
series    = {Lecture Notes in Computer Science},
volume    = {7459},
pages     = {716--733},
publisher = {Springer},
year      = {2012},
url       = {https://doi.org/10.1007/978-3-642-33167-1\_41},
doi       = {10.1007/978-3-642-33167-1\_41},
timestamp = {Thu, 15 Jun 2017 21:35:50 +0200},
biburl    = {https://dblp.org/rec/bib/conf/esorics/DurmuthGKPYZ12},
bibsource = {dblp computer science bibliography, https://dblp.org}
}

@inproceedings{LiHAS14,
author    = {Zhiwei Li and
Warren He and
Devdatta Akhawe and
Dawn Song},
editor    = {Kevin Fu and
Jaeyeon Jung},
title     = {The Emperor's New Password Manager: Security Analysis of Web-based
Password Managers},
booktitle = {Proceedings of the 23rd {USENIX} Security Symposium, San Diego, CA,
USA, August 20-22, 2014.},
pages     = {465--479},
publisher = {{USENIX} Association},
year      = {2014},
url       = {https://www.usenix.org/conference/usenixsecurity14/technical-sessions/presentation/li\_zhiwei},
timestamp = {Fri, 19 Aug 2016 15:38:03 +0200},
biburl    = {https://dblp.org/rec/bib/conf/uss/LiHAS14},
bibsource = {dblp computer science bibliography, https://dblp.org}
}

@inproceedings{JacommeK18,
author    = {Charlie Jacomme and
Steve Kremer},
title     = {An Extensive Formal Analysis of Multi-factor Authentication Protocols},
booktitle = {31st {IEEE} Computer Security Foundations Symposium, {CSF} 2018, Oxford,
United Kingdom, July 9-12, 2018},
pages     = {1--15},
publisher = {{IEEE} Computer Society},
year      = {2018},
url       = {https://doi.org/10.1109/CSF.2018.00008},
doi       = {10.1109/CSF.2018.00008},
timestamp = {Thu, 23 Aug 2018 17:16:52 +0200},
biburl    = {https://dblp.org/rec/bib/conf/csfw/JacommeK18},
bibsource = {dblp computer science bibliography, https://dblp.org}
}

@article{dworkin2007sp,
title={SP 800-38D. Recommendation for block cipher modes of operation: Galois/Counter Mode (GCM) and GMAC},
author={Dworkin, Morris J},
year={2007},
publisher={National Institute of Standards \& Technology}
}

@inproceedings{ertaul2016implementation,
title={Implementation and Performance Analysis of PBKDF2, Bcrypt, Scrypt Algorithms},
author={Ertaul, Levent and Kaur, Manpreet and Gudise, Venkata Arun Kumar R},
booktitle={Proceedings of the International Conference on Wireless Networks (ICWN)},
pages={66},
year={2016},
organization={The Steering Committee of The World Congress in Computer Science, Computer Engineering and Applied Computing (WorldComp)}
}

@inproceedings{katole2018detection,
title={Detection of SQL injection attacks by removing the parameter values of SQL query},
author={Katole, Rajashree A and Sherekar, Swati S and Thakare, Vilas M},
booktitle={2018 2nd International Conference on Inventive Systems and Control (ICISC)},
pages={736--741},
year={2018},
organization={IEEE}
}

@article{pilar2012passwords,
title={Passwords usage and human memory limitations: A survey across age and educational background},
author={Pilar, Denise Ranghetti and Jaeger, Antonio and Gomes, Carlos FA and Stein, Lilian Milnitsky},
journal={PloS one},
volume={7},
number={12},
pages={e51067},
year={2012},
publisher={Public Library of Science}
}

@inproceedings{liu2011research,
title={Research on development of android applications},
author={Liu, Jianye and Yu, Jiankun},
booktitle={Intelligent Networks and Intelligent Systems (ICINIS), 2011 4th International Conference on},
pages={69--72},
year={2011},
organization={IEEE}
}

@inproceedings{6104696,
author={J. Liu and J. Yu},
booktitle={2011 4th International Conference on Intelligent Networks and Intelligent Systems},
title={Research on Development of Android Applications},
year={2011},
pages={69-72},
keywords={operating systems (computers);Android application;music player;Smart phones;Androids;Humanoid robots;Virtual machining;Operating systems;Java;Receivers;Linux kernel;Android system;Application framework;Dalvik virtual machine},
doi={10.1109/ICINIS.2011.40},
month={Nov}
}

@inproceedings{pu2016understanding,
title={Understanding the Energy, Performance, and Programming Effort Trade-Offs of Android Persistence Frameworks},
author={Pu, Jing and Song, Zheng and Tilevich, Eli},
booktitle={Modeling, Analysis and Simulation of Computer and Telecommunication Systems (MASCOTS), 2016 IEEE 24th International Symposium on},
pages={433--438},
year={2016},
organization={IEEE}
}

@article{percival2009stronger,
title={Stronger key derivation via sequential memory-hard functions},
author={Percival, Colin},
journal={Self-published},
pages={1--16},
year={2009}
}












