@inproceedings{DBLP:conf/ccs/CooijmansRP14,
  author = {Tim Cooijmans and Joeri de Ruiter and Erik Poll},
  booktitle = {Security and Privacy in Smartphones {\&} Mobile Devices -- {SPSM@CCS}},
  crossref = {DBLP:conf/ccs/2014spsm},
  pages = {11--20},
  title = {{Analysis of Secure Key Storage Solutions on Android}},
  year = {2014}
}

@inproceedings{DBLP:conf/uss/GrussSM15,
  author = {Daniel Gruss and Raphael Spreitzer and Stefan Mangard},
  booktitle = {{USENIX} Security Symposium 2015},
  crossref = {DBLP:conf/uss/2015},
  pages = {897--912},
  title = {{Cache Template Attacks: Automating Attacks on Inclusive Last-Level Caches}},
  year = {2015}
}

@article{DBLP:journals/cacm/AdamsS99,
  author = {Anne Adams and Martina Angela Sasse},
  journal = {Commun. {ACM}},
  pages = {40--46},
  title = {{Users Are Not The Enemy}},
  volume = {42},
  year = {1999}
}

@article{DBLP:journals/corr/SainiM14,
  author = {Smita Saini and Deep Mann},
  journal = {CoRR},
  title = {{Identity Management issues in Cloud Computing}},
  volume = {abs/1406.1033},
  year = {2014}
}

@article{DBLP:journals/corr/abs-1801-01207,
  author = {Moritz Lipp and Michael Schwarz and Daniel Gruss and Thomas Prescher and Werner Haas and Stefan Mangard and Paul Kocher and Daniel Genkin and Yuval Yarom and Mike Hamburg},
  journal = {CoRR},
  title = {{Meltdown}},
  volume = {abs/1801.01207},
  year = {2018}
}

@article{DBLP:journals/ieeesp/YanBAG04,
  author = {Jeff Jianxin Yan and Alan F. Blackwell and Ross J. Anderson and Alasdair Grant},
  journal = {{IEEE} Security {\&} Privacy},
  pages = {25--31},
  title = {{Password Memorability and Security: Empirical Results}},
  volume = {2},
  year = {2004}
}

@article{DBLP:journals/ijnsec/ElminaamKH10,
  author = {Diaa Salama Abd Elminaam and Hatem Mohamed Abdual{-}Kader and Mohiy Mohamed Hadhoud},
  journal = {I. J. Network Security},
  pages = {216--222},
  title = {{Evaluating The Performance of Symmetric Encryption Algorithms}},
  volume = {10},
  year = {2010}
}

@proceedings{DBLP:conf/ccs/2014spsm,
  isbn = {978-1-4503-3155-5},
  publisher = {{ACM}},
  title = {{Proceedings of the 4th {ACM} Workshop on Security and Privacy in Smartphones {\&} Mobile Devices, SPSM@CCS 2014, Scottsdale, AZ, USA, November 03 - 07, 2014}}
}

@proceedings{DBLP:conf/uss/2015,
  publisher = {{USENIX} Association},
  title = {{24th {USENIX} Security Symposium, {USENIX} Security 15, Washington, D.C., USA, August 12-14, 2015}}
}

@article{dworkin2007sp,
  title={SP 800-38D. Recommendation for block cipher modes of operation: Galois/Counter Mode (GCM) and GMAC},
  author={Dworkin, Morris J},
  year={2007},
  publisher={National Institute of Standards \& Technology}
}

@inproceedings{ertaul2016implementation,
  title={Implementation and Performance Analysis of PBKDF2, Bcrypt, Scrypt Algorithms},
  author={Ertaul, Levent and Kaur, Manpreet and Gudise, Venkata Arun Kumar R},
  booktitle={Proceedings of the International Conference on Wireless Networks (ICWN)},
  pages={66},
  year={2016},
  organization={The Steering Committee of The World Congress in Computer Science, Computer Engineering and Applied Computing (WorldComp)}
}

@inproceedings{katole2018detection,
  title={Detection of SQL injection attacks by removing the parameter values of SQL query},
  author={Katole, Rajashree A and Sherekar, Swati S and Thakare, Vilas M},
  booktitle={2018 2nd International Conference on Inventive Systems and Control (ICISC)},
  year={2018},
  organization={IEEE}
}

@Misc{WebBTAPI,
   author = {François Beaufort},
   title  = {{Interact with Bluetooth devices on the Web}}, 
   year   = {2018}, 
   howpublished = {\url{https://developers.google.com/web/updates/2015/07/interact-with-ble-devices-on-the-web}}
}

@Misc{Statista,
   author = {Statista},
   title  = {{How many of your accounts use the same password for online logins?}}, 
   year   = {2018}, 
   howpublished = {\url{https://www.statista.com/statistics/763091/us-use-of-same-online-passwords/}}
}

@Misc{Greendao,
   author = {greenDAO},
   title  = {{greenDAO: Android ORM for your SQLite database}}, 
   year   = {2016}, 
   howpublished = {\url{http://greenrobot.org/greendao/}}
}

@Misc{Agilebits,
   author = {Jeffrey Goldberg},
   title  = {{Crackers report great news for 1Password 4 }}, 
   year   = {2014}, 
   howpublished = {\url{https://blog.agilebits.com/2014/03/10/crackers-report-great-news-for-1password-4/}}
}


@Misc{3wrongways,
   author = {Adam Bard},
   title  = {{3 Wrong Ways to Store a Password}}, 
   year   = {2013}, 
   howpublished = {\url{https://adambard.com/blog/3-wrong-ways-to-store-a-password/}}
}

@article{pilar2012passwords,
  title={Passwords usage and human memory limitations: A survey across age and educational background},
  author={Pilar, Denise Ranghetti and Jaeger, Antonio and Gomes, Carlos FA and Stein, Lilian Milnitsky},
  journal={PloS one},
  volume={7},
  number={12},
  pages={e51067},
  year={2012},
  publisher={Public Library of Science}
}

@Misc{DigitalGuardian,
   author = {Nate Lord},
   title  = {{Uncovering Password Habits: Are Users’ Password Security Habits Improving?}}, 
   year   = {2018}, 
   howpublished = {\url{https://digitalguardian.com/blog/uncovering-password-habits-are-users-password-security-habits-improving-infographic}}
}

@Misc{AndroidKeyStoreSystem,
   author = {Google Developers},
   title  = {{Android keystore system}}, 
   year   = {2018}, 
   howpublished = {\url{https://developer.android.com/training/articles/keystore}}
}

@Misc{HWBKeyStore,
   author = {Android Souce},
   title  = {{Hardware-backed Keystore}}, 
   year   = {2018}, 
   howpublished = {\url{https://source.android.com/security/keystore/}}
}

@Misc{AESJavaAndroid,
   author = {Patrick Favre-Bulle},
   title  = {{Security Best Practices: Symmetric Encryption with AES in Java and Android}}, 
   year   = {2018}, 
   howpublished = {\url{https://proandroiddev.com/security-best-practices-symmetric-encryption-with-aes-in-java-7616beaaade9}}
}

@Misc{IVtransmission,
   author = {Maarten Bodewes},
   title  = {{Ciphertext and tag size and IV transmission with AES in GCM mode}}, 
   year   = {2015}, 
   howpublished = {\url{https://crypto.stackexchange.com/questions/26783/ciphertext-and-tag-size-and-iv-transmission-with-aes-in-gcm-mode}}
}

@Misc{AADsecure,
   author = {Philippe Aubertin, Maarten Bodewes},
   title  = {{Does AAD make GCM encryption more secure?}}, 
   year   = {2016}, 
   howpublished = {\url{https://crypto.stackexchange.com/questions/35727/does-aad-make-gcm-encryption-more-secure].}}
}

@Misc{SecureRandom,
   author = {Google Developers},
   title  = {{SecureRandom}}, 
   year   = {2018}, 
   howpublished = {\url{https://developer.android.com/reference/java/security/SecureRandom}}
}

@Misc{DefaultIV,
   author = {Dorian Cussen},
   title  = {{Android Security: Beware of the default IV!}}, 
   year   = {2017}, 
   howpublished = {\url{https://doridori.github.io/Android-Security-Beware-of-the-default-IV/#sthash.Mc8Vyc0J.1QosHSZz.dpbs}}
}

@Misc{SecretsInAndroid,
   author = {Minun, Medium Blogpost},
   title  = {{Securely Storing Secrets in an Android Application}}, 
   year   = {2016}, 
   howpublished = {\url{https://medium.com/@ericfu/securely-storing-secrets-in-an-android-application-501f030ae5a3}}
}

@Misc{SecureDataEncryption,
   author = {Yakiv Mospan},
   title  = {{Secure data in Android - Encryption in Android}}, 
   year   = {2017}, 
   howpublished = {\url{https://proandroiddev.com/secure-data-in-android-encryption-in-android-part-1-e5fd150e316f}}
}

