
@inproceedings{DBLP:conf/ccs/CooijmansRP14,
  author    = {Tim Cooijmans and
               Joeri de Ruiter and
               Erik Poll},
  title     = {Analysis of Secure Key Storage Solutions on Android},
  booktitle = {Proceedings of the 4th {ACM} Workshop on Security and Privacy in Smartphones
               {\&} Mobile Devices, SPSM@CCS 2014, Scottsdale, AZ, USA, November
               03 - 07, 2014},
  pages     = {11--20},
  year      = {2014},
  crossref  = {DBLP:conf/ccs/2014spsm},
  url       = {http://doi.acm.org/10.1145/2666620.2666627},
  doi       = {10.1145/2666620.2666627},
  timestamp = {Mon, 10 Nov 2014 12:47:53 +0100},
  biburl    = {https://dblp.org/rec/bib/conf/ccs/CooijmansRP14},
  bibsource = {dblp computer science bibliography, https://dblp.org}
}

@proceedings{DBLP:conf/ccs/2014spsm,
  editor    = {Cliff Wang and
               Dijiang Huang and
               Kapil Singh and
               Zhenkai Liang},
  title     = {Proceedings of the 4th {ACM} Workshop on Security and Privacy in Smartphones
               {\&} Mobile Devices, SPSM@CCS 2014, Scottsdale, AZ, USA, November
               03 - 07, 2014},
  publisher = {{ACM}},
  year      = {2014},
  url       = {http://dl.acm.org/citation.cfm?id=2666620},
  isbn      = {978-1-4503-3155-5},
  timestamp = {Mon, 10 Nov 2014 12:47:17 +0100},
  biburl    = {https://dblp.org/rec/bib/conf/ccs/2014spsm},
  bibsource = {dblp computer science bibliography, https://dblp.org}
}

@inproceedings{DBLP:conf/ndss/LiuZYC12,
  author    = {Lei Liu and
               Xinwen Zhang and
               Guanhua Yan and
               Songqing Chen},
  title     = {Chrome Extensions: Threat Analysis and Countermeasures},
  booktitle = {19th Annual Network and Distributed System Security Symposium, {NDSS}
               2012, San Diego, California, USA, February 5-8, 2012},
  year      = {2012},
  crossref  = {DBLP:conf/ndss/2012},
  url       = {https://www.ndss-symposium.org/ndss2012/chrome-extensions-threat-analysis-and-countermeasures},
  timestamp = {Tue, 16 Jan 2018 13:23:48 +0100},
  biburl    = {https://dblp.org/rec/bib/conf/ndss/LiuZYC12},
  bibsource = {dblp computer science bibliography, https://dblp.org}
}

@proceedings{DBLP:conf/ndss/2012,
  title     = {19th Annual Network and Distributed System Security Symposium, {NDSS}
               2012, San Diego, California, USA, February 5-8, 2012},
  publisher = {The Internet Society},
  year      = {2012},
  url       = {https://www.ndss-symposium.org/ndss2012/},
  timestamp = {Tue, 16 Jan 2018 13:23:48 +0100},
  biburl    = {https://dblp.org/rec/bib/conf/ndss/2012},
  bibsource = {dblp computer science bibliography, https://dblp.org}
}

@inproceedings{DBLP:conf/woot/Ryan13,
  author    = {Mike Ryan},
  title     = {Bluetooth: With Low Energy Comes Low Security},
  booktitle = {7th {USENIX} Workshop on Offensive Technologies, {WOOT} '13, Washington,
               D.C., USA, August 13, 2013},
  year      = {2013},
  crossref  = {DBLP:conf/woot/2013},
  url       = {https://www.usenix.org/conference/woot13/workshop-program/presentation/ryan},
  timestamp = {Wed, 04 Jul 2018 13:06:34 +0200},
  biburl    = {https://dblp.org/rec/bib/conf/woot/Ryan13},
  bibsource = {dblp computer science bibliography, https://dblp.org}
}

@proceedings{DBLP:conf/woot/2013,
  editor    = {Jon Oberheide and
               William K. Robertson},
  title     = {7th {USENIX} Workshop on Offensive Technologies, {WOOT} '13, Washington,
               D.C., USA, August 13, 2013},
  publisher = {{USENIX} Association},
  year      = {2013},
  url       = {https://www.usenix.org/conference/woot13},
  timestamp = {Wed, 04 Jul 2018 13:06:34 +0200},
  biburl    = {https://dblp.org/rec/bib/conf/woot/2013},
  bibsource = {dblp computer science bibliography, https://dblp.org}
}

@article{DBLP:journals/cacm/AdamsS99,
  author    = {Anne Adams and
               Martina Angela Sasse},
  title     = {Users Are Not The Enemy},
  journal   = {Commun. {ACM}},
  volume    = {42},
  number    = {12},
  pages     = {40--46},
  year      = {1999},
  url       = {http://doi.acm.org/10.1145/322796.322806},
  doi       = {10.1145/322796.322806},
  timestamp = {Thu, 20 Nov 2003 13:05:22 +0100},
  biburl    = {https://dblp.org/rec/bib/journals/cacm/AdamsS99},
  bibsource = {dblp computer science bibliography, https://dblp.org}
}

@article{DBLP:journals/corr/SainiM14,
  author    = {Smita Saini and
               Deep Mann},
  title     = {Identity Management issues in Cloud Computing},
  journal   = {CoRR},
  volume    = {abs/1406.1033},
  year      = {2014},
  url       = {http://arxiv.org/abs/1406.1033},
  archivePrefix = {arXiv},
  eprint    = {1406.1033},
  timestamp = {Mon, 13 Aug 2018 16:48:08 +0200},
  biburl    = {https://dblp.org/rec/bib/journals/corr/SainiM14},
  bibsource = {dblp computer science bibliography, https://dblp.org}
}

@article{DBLP:journals/ieeesp/YanBAG04,
  author    = {Jeff Jianxin Yan and
               Alan F. Blackwell and
               Ross J. Anderson and
               Alasdair Grant},
  title     = {Password Memorability and Security: Empirical Results},
  journal   = {{IEEE} Security {\&} Privacy},
  volume    = {2},
  number    = {5},
  pages     = {25--31},
  year      = {2004},
  url       = {https://doi.org/10.1109/MSP.2004.81},
  doi       = {10.1109/MSP.2004.81},
  timestamp = {Sat, 27 May 2017 14:24:40 +0200},
  biburl    = {https://dblp.org/rec/bib/journals/ieeesp/YanBAG04},
  bibsource = {dblp computer science bibliography, https://dblp.org}
}

@article{DBLP:journals/ijnsec/ElminaamKH10,
  author    = {Diaa Salama Abd Elminaam and
               Hatem Mohamed Abdual{-}Kader and
               Mohiy Mohamed Hadhoud},
  title     = {Evaluating The Performance of Symmetric Encryption Algorithms},
  journal   = {I. J. Network Security},
  volume    = {10},
  number    = {3},
  pages     = {216--222},
  year      = {2010},
  url       = {http://ijns.femto.com.tw/contents/ijns-v10-n3/ijns-2010-v10-n3-p216-222.pdf},
  timestamp = {Fri, 14 Oct 2011 18:25:37 +0200},
  biburl    = {https://dblp.org/rec/bib/journals/ijnsec/ElminaamKH10},
  bibsource = {dblp computer science bibliography, https://dblp.org}
}

@article{DBLP:journals/sensors/GomezOP12,
  author    = {Carles Gomez and
               Joaquim Oller and
               Josep Paradells},
  title     = {Overview and Evaluation of Bluetooth Low Energy: An Emerging Low-Power
               Wireless Technology},
  journal   = {Sensors},
  volume    = {12},
  number    = {9},
  pages     = {11734--11753},
  year      = {2012},
  url       = {https://doi.org/10.3390/s120911734},
  doi       = {10.3390/s120911734},
  timestamp = {Tue, 14 Aug 2018 11:55:58 +0200},
  biburl    = {https://dblp.org/rec/bib/journals/sensors/GomezOP12},
  bibsource = {dblp computer science bibliography, https://dblp.org}
}

@inproceedings{DBLP:conf/acisp/ZhangWJWL14,
  author    = {Zhongwen Zhang and
               Yuewu Wang and
               Jiwu Jing and
               Qiongxiao Wang and
               Lingguang Lei},
  title     = {Once Root Always a Threat: Analyzing the Security Threats of Android
               Permission System},
  booktitle = {Information Security and Privacy - 19th Australasian Conference, {ACISP}
               2014, Wollongong, NSW, Australia, July 7-9, 2014. Proceedings},
  pages     = {354--369},
  year      = {2014},
  crossref  = {DBLP:conf/acisp/2014},
  url       = {https://doi.org/10.1007/978-3-319-08344-5\_23},
  doi       = {10.1007/978-3-319-08344-5\_23},
  timestamp = {Mon, 17 Sep 2018 09:57:31 +0200},
  biburl    = {https://dblp.org/rec/bib/conf/acisp/ZhangWJWL14},
  bibsource = {dblp computer science bibliography, https://dblp.org}
}

@proceedings{DBLP:conf/acisp/2014,
  editor    = {Willy Susilo and
               Yi Mu},
  title     = {Information Security and Privacy - 19th Australasian Conference, {ACISP}
               2014, Wollongong, NSW, Australia, July 7-9, 2014. Proceedings},
  series    = {Lecture Notes in Computer Science},
  volume    = {8544},
  publisher = {Springer},
  year      = {2014},
  url       = {https://doi.org/10.1007/978-3-319-08344-5},
  doi       = {10.1007/978-3-319-08344-5},
  isbn      = {978-3-319-08343-8},
  timestamp = {Mon, 17 Sep 2018 09:57:31 +0200},
  biburl    = {https://dblp.org/rec/bib/conf/acisp/2014},
  bibsource = {dblp computer science bibliography, https://dblp.org}
}

@inproceedings{DBLP:conf/nsyss/ShezanAI17,
  author    = {Faysal Hossain Shezan and
               Syeda Farzia Afroze and
               Anindya Iqbal},
  title     = {Vulnerability detection in recent Android apps: An empirical study},
  booktitle = {International Conference on Networking, Systems and Security, NSysS
               2017, Dhaka, Bangladesh, January 5-8, 2017},
  pages     = {55--63},
  year      = {2017},
  crossref  = {DBLP:conf/nsyss/2017},
  url       = {https://doi.org/10.1109/NSysS.2017.7885802},
  doi       = {10.1109/NSysS.2017.7885802},
  timestamp = {Mon, 18 Sep 2017 14:44:10 +0200},
  biburl    = {https://dblp.org/rec/bib/conf/nsyss/ShezanAI17},
  bibsource = {dblp computer science bibliography, https://dblp.org}
}

@proceedings{DBLP:conf/nsyss/2017,
  editor    = {Mohammad Zulkernine and
               Mohammad Mahfuzul Islam},
  title     = {International Conference on Networking, Systems and Security, NSysS
               2017, Dhaka, Bangladesh, January 5-8, 2017},
  publisher = {{IEEE}},
  year      = {2017},
  url       = {http://ieeexplore.ieee.org/xpl/mostRecentIssue.jsp?punumber=7879538},
  isbn      = {978-1-5090-3260-0},
  timestamp = {Mon, 18 Sep 2017 14:44:10 +0200},
  biburl    = {https://dblp.org/rec/bib/conf/nsyss/2017},
  bibsource = {dblp computer science bibliography, https://dblp.org}
}

@inproceedings{DBLP:conf/icoin/VarshneyBS18,
  author    = {Gaurav Varshney and
               Sumant Bagade and
               Shreya Sinha},
  title     = {Malicious browser extensions: {A} growing threat: {A} case study on
               Google Chrome: Ongoing work in progress},
  booktitle = {2018 International Conference on Information Networking, {ICOIN} 2018,
               Chiang Mai, Thailand, January 10-12, 2018},
  pages     = {188--193},
  year      = {2018},
  crossref  = {DBLP:conf/icoin/2018},
  url       = {https://doi.org/10.1109/ICOIN.2018.8343108},
  doi       = {10.1109/ICOIN.2018.8343108},
  timestamp = {Fri, 11 May 2018 12:42:29 +0200},
  biburl    = {https://dblp.org/rec/bib/conf/icoin/VarshneyBS18},
  bibsource = {dblp computer science bibliography, https://dblp.org}
}

@proceedings{DBLP:conf/icoin/2018,
  title     = {2018 International Conference on Information Networking, {ICOIN} 2018,
               Chiang Mai, Thailand, January 10-12, 2018},
  publisher = {{IEEE}},
  year      = {2018},
  url       = {http://ieeexplore.ieee.org/xpl/mostRecentIssue.jsp?punumber=8337483},
  isbn      = {978-1-5386-2290-2},
  timestamp = {Wed, 25 Apr 2018 12:25:21 +0200},
  biburl    = {https://dblp.org/rec/bib/conf/icoin/2018},
  bibsource = {dblp computer science bibliography, https://dblp.org}
}

@inproceedings{DBLP:conf/esorics/DurmuthGKPYZ12,
  author    = {Markus D{\"{u}}rmuth and
               Tim G{\"{u}}neysu and
               Markus Kasper and
               Christof Paar and
               Tolga Yal{\c{c}}in and
               Ralf Zimmermann},
  title     = {Evaluation of Standardized Password-Based Key Derivation against Parallel
               Processing Platforms},
  booktitle = {Computer Security - {ESORICS} 2012 - 17th European Symposium on Research
               in Computer Security, Pisa, Italy, September 10-12, 2012. Proceedings},
  pages     = {716--733},
  year      = {2012},
  crossref  = {DBLP:conf/esorics/2012},
  url       = {https://doi.org/10.1007/978-3-642-33167-1\_41},
  doi       = {10.1007/978-3-642-33167-1\_41},
  timestamp = {Thu, 15 Jun 2017 21:35:50 +0200},
  biburl    = {https://dblp.org/rec/bib/conf/esorics/DurmuthGKPYZ12},
  bibsource = {dblp computer science bibliography, https://dblp.org}
}

@proceedings{DBLP:conf/esorics/2012,
  editor    = {Sara Foresti and
               Moti Yung and
               Fabio Martinelli},
  title     = {Computer Security - {ESORICS} 2012 - 17th European Symposium on Research
               in Computer Security, Pisa, Italy, September 10-12, 2012. Proceedings},
  series    = {Lecture Notes in Computer Science},
  volume    = {7459},
  publisher = {Springer},
  year      = {2012},
  url       = {https://doi.org/10.1007/978-3-642-33167-1},
  doi       = {10.1007/978-3-642-33167-1},
  isbn      = {978-3-642-33166-4},
  timestamp = {Fri, 02 Jun 2017 20:48:01 +0200},
  biburl    = {https://dblp.org/rec/bib/conf/esorics/2012},
  bibsource = {dblp computer science bibliography, https://dblp.org}
}

@inproceedings{DBLP:conf/uss/LiHAS14,
  author    = {Zhiwei Li and
               Warren He and
               Devdatta Akhawe and
               Dawn Song},
  title     = {The Emperor's New Password Manager: Security Analysis of Web-based
               Password Managers},
  booktitle = {Proceedings of the 23rd {USENIX} Security Symposium, San Diego, CA,
               USA, August 20-22, 2014.},
  pages     = {465--479},
  year      = {2014},
  crossref  = {DBLP:conf/uss/2014},
  url       = {https://www.usenix.org/conference/usenixsecurity14/technical-sessions/presentation/li\_zhiwei},
  timestamp = {Fri, 19 Aug 2016 15:38:03 +0200},
  biburl    = {https://dblp.org/rec/bib/conf/uss/LiHAS14},
  bibsource = {dblp computer science bibliography, https://dblp.org}
}

@proceedings{DBLP:conf/uss/2014,
  editor    = {Kevin Fu and
               Jaeyeon Jung},
  title     = {Proceedings of the 23rd {USENIX} Security Symposium, San Diego, CA,
               USA, August 20-22, 2014},
  publisher = {{USENIX} Association},
  year      = {2014},
  url       = {https://www.usenix.org/conference/usenixsecurity14},
  timestamp = {Fri, 19 Aug 2016 15:38:02 +0200},
  biburl    = {https://dblp.org/rec/bib/conf/uss/2014},
  bibsource = {dblp computer science bibliography, https://dblp.org}
}

@inproceedings{DBLP:conf/csfw/JacommeK18,
  author    = {Charlie Jacomme and
               Steve Kremer},
  title     = {An Extensive Formal Analysis of Multi-factor Authentication Protocols},
  booktitle = {31st {IEEE} Computer Security Foundations Symposium, {CSF} 2018, Oxford,
               United Kingdom, July 9-12, 2018},
  pages     = {1--15},
  year      = {2018},
  crossref  = {DBLP:conf/csfw/2018},
  url       = {https://doi.org/10.1109/CSF.2018.00008},
  doi       = {10.1109/CSF.2018.00008},
  timestamp = {Thu, 23 Aug 2018 17:16:52 +0200},
  biburl    = {https://dblp.org/rec/bib/conf/csfw/JacommeK18},
  bibsource = {dblp computer science bibliography, https://dblp.org}
}

@proceedings{DBLP:conf/csfw/2018,
  title     = {31st {IEEE} Computer Security Foundations Symposium, {CSF} 2018, Oxford,
               United Kingdom, July 9-12, 2018},
  publisher = {{IEEE} Computer Society},
  year      = {2018},
  url       = {http://ieeexplore.ieee.org/xpl/mostRecentIssue.jsp?punumber=8428826},
  isbn      = {978-1-5386-6680-7},
  timestamp = {Tue, 14 Aug 2018 12:24:02 +0200},
  biburl    = {https://dblp.org/rec/bib/conf/csfw/2018},
  bibsource = {dblp computer science bibliography, https://dblp.org}
}

