@inproceedings{DBLP:conf/dimva/SchwarzWGMM17,
  author = {Michael Schwarz and Samuel Weiser and Daniel Gruss and Cl{\'{e}}mentine Maurice and Stefan Mangard},
  booktitle = {Detection of Intrusions and Malware {\&} Vulnerability Assessment -- {DIMVA} 2017},
  crossref = {DBLP:conf/dimva/2017},
  pages = {3--24},
  title = {{Malware Guard Extension: Using {SGX} to Conceal Cache Attacks}},
  year = {2017}
}