





@misc{WebBTAPI,
author = {François Beaufort},
title  = {Interact with Bluetooth devices on the Web}, 
year   = {2018}, 
howpublished = {\url{https://developers.google.com/web/updates/2015/07/interact-with-ble-devices-on-the-web}}
}

@misc{Statista,
author = {Statista},
title  = {How many of your accounts use the same password for online logins?}, 
year   = {2018}, 
howpublished = {\url{https://www.statista.com/statistics/763091/us-use-of-same-online-passwords/}}
}

@misc{Greendao,
author = {greenDAO},
title  = {greenDAO: Android ORM for your SQLite database}, 
year   = {2016}, 
howpublished = {\url{http://greenrobot.org/greendao/}}
}

@misc{Agilebits,
author = {Jeffrey Goldberg},
title  = {Crackers report great news for 1Password 4}, 
year   = {2014}, 
howpublished = {\url{https://blog.agilebits.com/2014/03/10/crackers-report-great-news-for-1password-4/}}
}

@misc{3wrongways,
author = {Adam Bard},
title  = {3 Wrong Ways to Store a Password}, 
year   = {2013}, 
howpublished = {\url{https://adambard.com/blog/3-wrong-ways-to-store-a-password/}}
}



@misc{DigitalGuardian,
author = {Nate Lord},
title  = {Uncovering Password Habits: Are Users’ Password Security Habits Improving?}, 
year   = {2018}, 
howpublished = {\url{https://digitalguardian.com/blog/uncovering-password-habits-are-users-password-security-habits-improving-infographic}}
}

@misc{AndroidKeyStoreSystem,
author = {Google Developers},
title  = {Android keystore system}, 
year   = {2018}, 
howpublished = {\url{https://developer.android.com/training/articles/keystore}}
}

@misc{HWBKeyStore,
author = {Android Souce},
title  = {Hardware-backed Keystore}, 
year   = {2018}, 
howpublished = {\url{https://source.android.com/security/keystore/}}
}

@misc{AESJavaAndroid,
author = {Patrick Favre-Bulle},
title  = {Security Best Practices: Symmetric Encryption with AES in Java and Android}, 
year   = {2018}, 
howpublished = {\url{https://proandroiddev.com/security-best-practices-symmetric-encryption-with-aes-in-java-7616beaaade9}}
}

@misc{IVtransmission,
author = {Maarten Bodewes},
title  = {Ciphertext and tag size and IV transmission with AES in GCM mode}, 
year   = {2015}, 
howpublished = {\url{https://crypto.stackexchange.com/questions/26783/ciphertext-and-tag-size-and-iv-transmission-with-aes-in-gcm-mode}}
}

@misc{AADsecure,
author = {Philippe Aubertin, Maarten Bodewes},
title  = {Does AAD make GCM encryption more secure?}, 
year   = {2016}, 
howpublished = {\url{https://crypto.stackexchange.com/questions/35727/does-aad-make-gcm-encryption-more-secure}}
}

@misc{SecureRandom,
author = {Google Developers},
title  = {SecureRandom}, 
year   = {2018}, 
howpublished = {\url{https://developer.android.com/reference/java/security/SecureRandom}}
}

@misc{DefaultIV,
author = {Dorian Cussen},
title  = {Android Security: Beware of the default IV!}, 
year   = {2017}, 
howpublished = {\url{https://doridori.github.io/Android-Security-Beware-of-the-default-IV/#sthash.Mc8Vyc0J.1QosHSZz.dpbs}}
}

@misc{SecretsInAndroid,
author = {Minun, Medium Blogpost},
title  = {Securely Storing Secrets in an Android Application}, 
year   = {2016}, 
howpublished = {\url{https://medium.com/@ericfu/securely-storing-secrets-in-an-android-application-501f030ae5a3}}
}

@misc{SecureDataEncryption,
author = {Yakiv Mospan},
title  = {Secure data in Android - Encryption in Android}, 
year   = {2017}, 
howpublished = {\url{https://proandroiddev.com/secure-data-in-android-encryption-in-android-part-1-e5fd150e316f}}
}

@misc{FingerprintManager,
author = {Google Developers},
title  = {FingerprintManager}, 
year   = {2018}, 
howpublished = {\url{https://developer.android.com/reference/android/hardware/fingerprint/FingerprintManager}}
}

@misc{KeyguardManager,
author = {Google Developers},
title  = {KeyguardManager}, 
year   = {2018}, 
howpublished = {\url{https://developer.android.com/reference/android/app/KeyguardManager}}
}

@misc{FingerprintTutorial,
author = {Techotopia},
title  = {An Android Fingerprint Authentication Tutorial}, 
year   = {2018}, 
howpublished = {\url{https://www.techotopia.com/index.php/An_Android_Fingerprint_Authentication_Tutorial}}
}

@misc{AndroidFundamentals,
author = {Google Developers},
title  = {Application Fundamentals}, 
year   = {2018}, 
howpublished = {\url{https://developer.android.com/guide/components/fundamentals}}
}



@misc{Extensions,
author = {Chrome Developers},
title  = {What are extensions?}, 
year   = {2018}, 
howpublished = {\url{https://developer.chrome.com/extensions}}
}

@misc{BTAPIMozilla,
author = {Florian Scholz},
title  = {Web Bluetooth API}, 
year   = {2018}, 
howpublished = {\url{https://developer.mozilla.org/en-US/docs/Web/API/Web_Bluetooth_API}}
}

@misc{TIGatt,
author = {Texas Instruments},
title  = {Generic Attribute Profile (GATT)}, 
year   = {2018}, 
howpublished = "\url{http://dev.ti.com/tirex/content/simplelink_cc2640r2_sdk_1_50_00_58/docs/blestack/ble_user_guide/html/ble-stack-3.x/gatt.html#}"
}

@misc{BTGatt,
author = {Bluetooth SIG, Inc.},
title  = {GATT Overview}, 
year   = {2018}, 
howpublished = {\url{https://www.bluetooth.com/specifications/gatt/generic-attributes-overview}}
}

@misc{IntroductionBLE,
author = {Matthew Bon},
title  = {A Basic Introduction to BLE Security}, 
year   = {2016}, 
howpublished = {\url{https://www.digikey.com/eewiki/display/Wireless/A+Basic+Introduction+to+BLE+Security}}
}

@Misc{BtleJack,
author = {Uli Ries},
title  = {Btlejack: Neues Gratis-Tool zum Belauschen von Bluetooth-Verbindungen},
howpublished = "\url{https://www.heise.de/security/meldung/Btlejack-Neues-Gratis-Tool-zum-Belauschen-von-Bluetooth-Verbindungen-4134142.html}",
year   = {2018}, 
urldate 		= {2018-09-18}
}

@Misc{AndroidM,
author = {Google Developers},
title  = {Android 6.0 APIs}, 
howpublished = "\url{https://developer.android.com/about/versions/marshmallow/android-6.0}",
year   = {2018}, 
urldate 		= {2018-10-01}
}

@misc{Scrypt,
author = {Ilmari Karonen},
title  = {What is the difference between Scrypt and PBKDF2?}, 
howpublished = "\url{https://crypto.stackexchange.com/questions/8159/what-is-the-difference-between-scrypt-and-pbkdf2/8170#8170}",
year   = {2013}, 
urldate 		= {2018-10-02}
}


@misc{CC,
author = {Common Criteria},
title  = {Common Criteria for Information Technology Security Evaluation, Part 1}, 
howpublished = {\url{https://www.commoncriteriaportal.org/files/ccfiles/CCPART1V3.1R5.pdf}},
year   = {2017}, 
note = {Online; accessed 05 October 2018}
}

@misc{GCMSecure,
author = {Jayson Q.},
title  = {What's the difference between AES-CBC and AES-GCM?}, 
howpublished = {\url{https://www.privateinternetaccess.com/helpdesk/kb/articles/what-s-the-difference-between-aes-cbc-and-aes-gcm}},
year   = {2018}, 
note = {Online; accessed 05 October 2018}
}

@misc{PinSaferThanPattern,
author = {Graham Cluley},
title  = {Your Android lock screen pattern isn’t as safe as a PIN code}, 
howpublished = {\url{https://www.welivesecurity.com/2017/09/28/android-lock-screen-pattern-isnt-safe-pin-code/}},
year   = {2017}, 
note = {Online; accessed 06 October 2018}
}

@misc{SecureWayToLockPhone,
author = {David Nield},
title  = {What's the Most Secure Way to Lock Your Smartphone?}, 
howpublished = {\url{https://gizmodo.com/whats-the-most-secure-way-to-lock-your-smartphone-1796948710}},
year   = {2017}, 
note = {Online; accessed 06 October 2018}
}

@misc{AndroidPhishing,
author = {Fabian A. Scherschel},
title  = {Android: Phishing-Apps können Passwort-Manager ausspionieren}, 
howpublished = {\url{https://www.heise.de/security/meldung/Android-Phishing-Apps-koennen-Passwort-Manager-ausspionieren-4180073.html}},
year   = {2018}, 
note = {Online; accessed 07 October 2018}
}

@misc{Yubikey,
author = {Yubico},
title  = {YubiKey}, 
howpublished = {\url{https://www.yubico.com/}},
year   = {2018}, 
note = {Online; accessed 07 October 2018}
}

@misc{WeakPasswords,
author = {Eitan Katz},
title  = {Data Breaches and Weak Passwords: A Love Story}, 
howpublished = {\url{https://blog.dashlane.com/data-breaches-weak-passwords/}},
year   = {2018}, 
note = {Online; accessed 07 October 2018}
}





