@inproceedings{ahmad2013enhancing,
  title={Enhancing the Security of Mobile Applications by using TEE and (U) SIM},
  author={Ahmad, Zaheer and Francis, Lishoy and Ahmed, Tansir and Lobodzinski, Christopher and Audsin, Dev and Jiang, Peng},
  booktitle={Ubiquitous Intelligence and Computing, 2013 IEEE 10th International Conference on and 10th International Conference on Autonomic and Trusted Computing (UIC/ATC)},
  pages={575--582},
  year={2013},
  organization={IEEE}
}

@inproceedings{cooijmans2014analysis,
  title={Analysis of secure key storage solutions on android},
  author={Cooijmans, Tim and de Ruiter, Joeri and Poll, Erik},
  booktitle={Proceedings of the 4th ACM Workshop on Security and Privacy in Smartphones \& Mobile Devices},
  pages={11--20},
  year={2014},
  organization={ACM}
}

@misc{androidkeystore,
  title = {{Android keystore system}},
  howpublished = "\url{https://developer.android.com/training/articles/keystore}",
  year = {2018}, 
  note = "[Online; accessed 06-08-2018]"
}

