@article{DBLP:journals/ijnsec/ElminaamKH10,
  author    = {Diaa Salama Abd Elminaam and
               Hatem Mohamed Abdual{-}Kader and
               Mohiy Mohamed Hadhoud},
  title     = {Evaluating The Performance of Symmetric Encryption Algorithms},
  journal   = {I. J. Network Security},
  volume    = {10},
  number    = {3},
  pages     = {216--222},
  year      = {2010},
  url       = {http://ijns.femto.com.tw/contents/ijns-v10-n3/ijns-2010-v10-n3-p216-222.pdf},
  timestamp = {Fri, 14 Oct 2011 18:25:37 +0200},
  biburl    = {https://dblp.org/rec/bib/journals/ijnsec/ElminaamKH10},
  bibsource = {dblp computer science bibliography, https://dblp.org}
}

